<?xml version="1.0" encoding="UTF-8"?><collection xmlns="http://www.loc.gov/MARC21/slim"><record><leader>00624nam--2200205-i-4500</leader><controlfield tag="001">000014390</controlfield><controlfield tag="002">20161230</controlfield><controlfield tag="005">20161230201030</controlfield><controlfield tag="008">060222s1000------------r-----000-0-eng-d</controlfield><datafield ind1=" " ind2=" " tag="020"><subfield code="a">019851297X</subfield></datafield><datafield ind1=" " ind2=" " tag="040"><subfield code="a">IFIN-HH</subfield></datafield><datafield ind1=" " ind2=" " tag="080"><subfield code="a">539.165.2:539.124</subfield></datafield><datafield ind1="1" ind2=" " tag="100"><subfield code="a">Behrens, Heinrich</subfield></datafield><datafield ind1="1" ind2="0" tag="245"><subfield code="a">Electron radial wave functions and nuclear beta-decay</subfield><subfield code="c">Heinrich behrens, wolfgang buhring</subfield></datafield><datafield ind1=" " ind2=" " tag="260"><subfield code="a">Oxford</subfield><subfield code="b">Clarendon Ppress</subfield><subfield code="c">1982</subfield></datafield><datafield ind1=" " ind2=" " tag="300"><subfield code="a">XIII + 626 P</subfield></datafield><datafield ind1=" " ind2=" " tag="490"><subfield code="a">International Series Of Monographs On Physics</subfield><subfield code="v">V. 67</subfield></datafield><datafield ind1="1" ind2=" " tag="700"><subfield code="a">Buhring, Wolfgang</subfield></datafield><datafield ind1=" " ind2=" " tag="852"><subfield code="a">70780</subfield><subfield code="c">539.163.2</subfield></datafield><datafield ind1=" " ind2=" " tag="CAT"><subfield code="a">Sys</subfield><subfield code="c">20120525</subfield><subfield code="h">150423</subfield></datafield></record></collection>